<?xml version="1.0" encoding="UTF-8"?><collection xmlns="http://www.loc.gov/MARC21/slim"><record><leader>00507nam--2200181-i-4500</leader><controlfield tag="001">000009309</controlfield><controlfield tag="002">20161230</controlfield><controlfield tag="005">20170121215500</controlfield><controlfield tag="008">060222s1000------------r-----000-0-eng-d</controlfield><datafield ind1=" " ind2=" " tag="080"><subfield code="a">539.1.074.88</subfield></datafield><datafield ind1=" " ind2=" " tag="100"><subfield code="a">Adams, J. M</subfield></datafield><datafield ind1=" " ind2=" " tag="245"><subfield code="a">An activation technique for the absolute calibration of a long counter</subfield></datafield><datafield ind1=" " ind2=" " tag="260"><subfield code="a">Harwell</subfield><subfield code="b">Atomic Energy Research Establishment</subfield><subfield code="c">1970</subfield></datafield><datafield ind1=" " ind2=" " tag="300"><subfield code="a">10 p. + 10 Figuri</subfield></datafield><datafield ind1=" " ind2=" " tag="490"><subfield code="a">6529</subfield></datafield><datafield ind1=" " ind2=" " tag="700"><subfield code="a">Mckenzie, C. D</subfield></datafield><datafield ind1=" " ind2=" " tag="852"><subfield code="a">32925</subfield></datafield><datafield ind1=" " ind2=" " tag="CAT"><subfield code="a">SYS</subfield><subfield code="c">20170121</subfield><subfield code="h">215500</subfield></datafield></record></collection>